@misc {DockerPHPMySQL,
	author = {SamuelEdney},
	title = {Docker â€“ Linked PHP and MySQL Containers},
	howpublished = {\url{http://www.samueledney.com/2016/01/21/trying-out-docker-php-and-mysql/}},
	note = {Accessed: 2017-04-08}
}

@misc {DockerMariaDB,
	author = {MariaDB},
	title = {Installing and using MariaDB via Docker},
	howpublished = {\url{https://mariadb.com/kb/en/mariadb/installing-and-using-mariadb-via-docker/}},
	note = {Accessed: 2017-04-08}
}

@misc {DockerOwnCloud,
author = {A Student Hacker's Life},
title = {Setting up an ownCloud Server in a Docker container using Docker Compose},
howpublished = {\url{http://blog.securem.eu/serverside/2015/08/25/setting-up-owncloud-server-in-a-docker-container/}},
note = {Accessed: 2017-04-08}
}