@misc {DockerPHPMySQL,
	author = {SamuelEdney},
	title = {Docker â€“ Linked PHP and MySQL Containers},
	howpublished = {\url{http://www.samueledney.com/2016/01/21/trying-out-docker-php-and-mysql/}},
	note = {Accessed: 2017-04-08}
}

@misc {DockerMariaDB,
	author = {MariaDB},
	title = {Installing and using MariaDB via Docker},
	howpublished = {\url{https://mariadb.com/kb/en/mariadb/installing-and-using-mariadb-via-docker/}},
	note = {Accessed: 2017-04-08}
}