@misc {InstallLAMPCentos6.5,
	author = {DigitalOcean},
	howpublished = {\url{https://www.digitalocean.com/community/tutorials/how-to-install-linux-apache-mysql-php-lamp-stack-on-centos-6}},
	note = {Accessed: 2017-03-18}
}

@misc {InstallLAMPUbuntu14.04,
	author = {DigitalOcean},
	howpublished = {\url{https://www.digitalocean.com/community/tutorials/how-to-install-linux-apache-mysql-php-lamp-stack-on-ubuntu-14-04}},
	note = {Accessed: 2017-03-18}
}

@misc {OpenPortIptables,
	author = {Ask Xmodulo},
	howpublished = {\url{http://ask.xmodulo.com/open-port-firewall-centos-rhel.html}},
	note = {Accessed: 2017-03-21}
}